<record><leader>00000cas a22000007a 4500</leader><controlfield tag="001">15024740</controlfield><controlfield tag="008">861230d18521862inucr ne      0    0eng d</controlfield><datafield ind1=" " ind2=" " tag="010"><subfield code="a">sn 86059160 </subfield></datafield><datafield ind1=" " ind2=" " tag="040"><subfield code="a">NPI</subfield><subfield code="b">eng</subfield><subfield code="c">NPI</subfield><subfield code="d">NVF</subfield><subfield code="d">OCLCQ</subfield><subfield code="d">IUL</subfield><subfield code="d">OCLCF</subfield></datafield><datafield ind1=" " ind2=" " tag="042"><subfield code="a">msc</subfield></datafield><datafield ind1=" " ind2=" " tag="043"><subfield code="a">n-us-in</subfield></datafield><datafield ind1="0" ind2="0" tag="245"><subfield code="a">Semi-weekly Vincennes gazette.</subfield></datafield><datafield ind1=" " ind2=" " tag="260"><subfield code="a">Vincennes, Ind. :</subfield><subfield code="b">H.M. Smith and M.P. Gee</subfield></datafield><datafield ind1=" " ind2=" " tag="300"><subfield code="a">volumes</subfield></datafield><datafield ind1=" " ind2=" " tag="310"><subfield code="a">Semiweekly</subfield></datafield><datafield ind1="1" ind2=" " tag="362"><subfield code="a">Began in 1852; ceased in 1862?</subfield></datafield><datafield ind1=" " ind2=" " tag="580"><subfield code="a">Daily eds.: Morning gazette (Vincennes, Ind.), 1855, and: Vincennes gazette (Vincennes, Ind. : Daily), 1855, and: Daily Vincennes gazette, 1855-&lt;1858&gt;.</subfield></datafield><datafield ind1=" " ind2=" " tag="580"><subfield code="a">Weekly eds.: Vincennes gazette (Vincennes, Ind. : 1844), 1852-1856, and: Weekly Vincennes gazette, 1856-1862.</subfield></datafield><datafield ind1=" " ind2=" " tag="588"><subfield code="a">Description based on: Vol. 6, no. 2,73 [i.e. 2,073?] (Apr. 20, 1861).</subfield></datafield><datafield ind1=" " ind2="0" tag="651"><subfield code="a">Vincennes (Ind.)</subfield><subfield code="v">Newspapers.</subfield></datafield><datafield ind1=" " ind2="0" tag="651"><subfield code="a">Knox County (Ind.)</subfield><subfield code="v">Newspapers.</subfield></datafield><datafield ind1=" " ind2="7" tag="651"><subfield code="a">Indiana</subfield><subfield code="z">Knox County.</subfield><subfield code="2">fast</subfield><subfield code="0">(OCoLC)fst01219831</subfield></datafield><datafield ind1=" " ind2="7" tag="651"><subfield code="a">Indiana</subfield><subfield code="z">Vincennes.</subfield><subfield code="2">fast</subfield><subfield code="0">(OCoLC)fst01211937</subfield></datafield><datafield ind1=" " ind2="7" tag="655"><subfield code="a">Newspapers.</subfield><subfield code="2">fast</subfield><subfield code="0">(OCoLC)fst01423814</subfield></datafield><datafield ind1=" " ind2=" " tag="752"><subfield code="a">United States</subfield><subfield code="b">Indiana</subfield><subfield code="c">Knox</subfield><subfield code="d">Vincennes.</subfield></datafield><datafield ind1="1" ind2=" " tag="775"><subfield code="t">Morning gazette (Vincennes, Ind.)</subfield><subfield code="w">(DLC)sn 86059223</subfield><subfield code="w">(OCoLC)15024663</subfield></datafield><datafield ind1="1" ind2=" " tag="775"><subfield code="t">Vincennes gazette (Vincennes, Ind. : Daily)</subfield><subfield code="w">(DLC)sn 86059228</subfield><subfield code="w">(OCoLC)15024725</subfield></datafield><datafield ind1="1" ind2=" " tag="775"><subfield code="t">Daily Vincennes gazette</subfield><subfield code="w">(DLC)sn 86059163</subfield><subfield code="w">(OCoLC)15024700</subfield></datafield><datafield ind1="1" ind2=" " tag="775"><subfield code="t">Vincennes gazette (Vincennes, Ind. : 1844)</subfield><subfield code="w">(DLC)sn 82014785</subfield><subfield code="w">(OCoLC)8797213</subfield></datafield><datafield ind1="1" ind2=" " tag="775"><subfield code="t">Weekly Vincennes gazette</subfield><subfield code="w">(DLC)sn 84038235</subfield><subfield code="w">(OCoLC)11264731</subfield></datafield><datafield ind1="0" ind2="0" tag="785"><subfield code="t">Semi-weekly gazette (Vincennes, Ind.)</subfield><subfield code="w">(DLC)sn 86059159</subfield><subfield code="w">(OCoLC)15024770</subfield></datafield></record>